@Article{enkovaara10_psik98_29, 
  author	= {J. Enkovaara and C. Rostgaard and J. J. Mortensen and
                  J. Chen and M. Du{\l}ak and L. Ferrighi and J. Gavnholt and
                  C. Glinsvad and V. Haikola and H. A. Hansen and
                  H. H. Kristoffersen and M. Kuisma and A. H. Larsen and
                  L. Lehtovaara and M. Ljungberg and O. Lopez-Acevedo and
                  P. G. Moses and J. Ojanen and T. Olsen and V. Petzold and
                  N. A. Romero and J. Stausholm and M. Strange and
                  G. A. Tritsaris and M. Vanin and M. Walter and
                  B. Hammer and H. H\"akkinen and G. K. H. Madsen and
                  R. M. Nieminen and J. K. N{\o}rskov and M. Puska and
                  T. Rantala and J. Schi{\o}tz and K. S. Thygesen and
                  K. W. Jacobsen},
  title		= {Electronic structure calculations with GPAW: A
                  real-space implementation of the projector
                  augmented-wave method},
  journal	= {PsiK Newsletter},
  volume	= {98},
  pages		= {29},
  year		= {2010},
  OPTnote	= {},
  keywords	= {},
  rating	= {}
}
