@Article{paier05_JCP122_234102,
  author = 	 {J. Paier and R. Hirschl and M. Marsman and G. Kresse},
  title = 	 {The perdew-burke-ernzerhof exchange-correlation functional
                  applied to the G2-1 test set using a plane-wave basis set},
  journal = 	 {J. Chem. Phys.},
  year = 	 {2005},
  OPTkey = 	 {},
  volume = 	 {122},
  OPTnumber = 	 {},
  pages = 	 {234102},
  OPTmonth = 	 {},
  OPTnote = 	 {Excellent benchmark tests for PAW and the PBE density 
                  functional},
  OPTannote = 	 {}
}

