@Article{perdew96_prl77_3865, 
  author	= {John P. Perdew  and Kieron Burke and Matthias Ernzerhof},
  title		= {Generalized Gradient Approximation made simple},
  journal	= {Phys. Rev. Lett},
  volume	= {77},
  pages		= {3865},
  year		= {1996},
  OPTnote		= {Original peper PBE density functional},
  keywords	= {},
  rating	= {}
}
